<record><leader>00000cas a22000007a 4500</leader><controlfield tag="001">11198284</controlfield><controlfield tag="008">840926d18761877iauwr ne      0    0eng d</controlfield><datafield ind1=" " ind2=" " tag="010"><subfield code="a">sn 84038194 </subfield></datafield><datafield ind1=" " ind2=" " tag="040"><subfield code="a">NPX</subfield><subfield code="b">eng</subfield><subfield code="c">NPX</subfield><subfield code="d">INP</subfield><subfield code="d">OCLCQ</subfield></datafield><datafield ind1=" " ind2=" " tag="042"><subfield code="a">msc</subfield></datafield><datafield ind1="0" ind2=" " tag="130"><subfield code="a">New century (Grundy Center, Iowa)</subfield></datafield><datafield ind1="1" ind2="4" tag="245"><subfield code="a">The new century.</subfield></datafield><datafield ind1=" " ind2=" " tag="260"><subfield code="a">Grundy Center, Iowa :</subfield><subfield code="b">J.C. Stoughton</subfield></datafield><datafield ind1=" " ind2=" " tag="300"><subfield code="a">v.</subfield></datafield><datafield ind1=" " ind2=" " tag="310"><subfield code="a">Weekly</subfield></datafield><datafield ind1="1" ind2=" " tag="362"><subfield code="a">Began in Jan. 1876; ceased in Jan. 1877.</subfield><subfield code="z">Cf. Bibl. of Iowa newspapers.</subfield></datafield><datafield ind1=" " ind2=" " tag="500"><subfield code="a">"Republican," &lt;1876&gt;.</subfield></datafield><datafield ind1=" " ind2=" " tag="500"><subfield code="a">Editor: Daniel Kerr, &lt;1876&gt;.</subfield></datafield><datafield ind1=" " ind2=" " tag="588"><subfield code="a">Description based on: Vol. 1, no. 32 (Sept. 6, 1876).</subfield></datafield><datafield ind1=" " ind2=" " tag="752"><subfield code="a">United States</subfield><subfield code="b">Iowa</subfield><subfield code="c">Grundy</subfield><subfield code="d">Grundy Center.</subfield></datafield><datafield ind1="0" ind2="7" tag="785"><subfield code="t">Grundy County Atlas</subfield><subfield code="w">(DLC)sn 84027161</subfield></datafield><datafield ind1="0" ind2="7" tag="785"><subfield code="t">Grundy County Republican</subfield><subfield code="w">(DLC)sn 87058559</subfield></datafield><datafield ind1="1" ind2=" " tag="029"><subfield code="a">AU@</subfield><subfield code="b">000025819304</subfield></datafield></record>